<?xml version="1.0" encoding="UTF-8"?><collection xmlns="http://www.loc.gov/MARC21/slim"><record><leader>00559nam--2200181-i-4500</leader><controlfield tag="001">000030199</controlfield><controlfield tag="002">20161230</controlfield><controlfield tag="005">20161230201038</controlfield><controlfield tag="008">060222s1000------------r-----000-0-fre-d</controlfield><datafield ind1=" " ind2=" " tag="040"><subfield code="a">IFIN-HH</subfield></datafield><datafield ind1=" " ind2=" " tag="041"><subfield code="a">fre</subfield></datafield><datafield ind1=" " ind2=" " tag="080"><subfield code="a">539.17.015:539.171.016.16(043)</subfield></datafield><datafield ind1="1" ind2=" " tag="100"><subfield code="a">Lumbroso, Albert</subfield></datafield><datafield ind1="1" ind2="0" tag="245"><subfield code="a">Extension de la methode de la coordonnee generatrice au traitement des problemes du spectre continu</subfield><subfield code="b">These</subfield><subfield code="c">Albert lumbroso</subfield></datafield><datafield ind1=" " ind2=" " tag="260"><subfield code="a">Paris</subfield><subfield code="b">Universite Paris-sud</subfield><subfield code="c">1975</subfield></datafield><datafield ind1=" " ind2=" " tag="300"><subfield code="a">37P.+ DIF.P</subfield></datafield><datafield ind1=" " ind2=" " tag="852"><subfield code="a">43971</subfield><subfield code="c">539.17</subfield></datafield><datafield ind1=" " ind2=" " tag="CAT"><subfield code="a">Sys</subfield><subfield code="c">20120615</subfield><subfield code="h">101508</subfield></datafield></record></collection>